@Article{Einstein,
  author =       "Albert Einstein",
  title =        "{Zur Elektrodynamik bewegter K{\"o}rper}. ({German})
                 [{On} the electrodynamics of moving bodies]",
  journal =      "Annalen der Physik",
  volume =       "322",
  number =       "10",
  pages =        "891--921",
  year =         "1905",
  DOI =          "http://dx.doi.org/10.1002/andp.19053221004"
} 


@book{nussenzveig2007curso,
  title={Curso de f{\'\i}sica b{\'a}sica},
  author={Nussenzveig, Herch Moys{\'e}s},
  year={2007},
  publisher={Edgard Bl{\"u}cher, 2002. reimp. 2007.}
}
